@misc{formulae,
    author =       "Ole Herman Schumacher Elgesem",
    title =        "Formelsamling i Elektronikk.",
    year =         "2015",
    url =          "http://olehelg.at.ifi.uio.no/files/INF1411_formulae.pdf"
}
 
@book{fundamentals,
    author    = "Thomas L. Floyd",
    title     = "Electronics Fundamentals: Circuits, Devices and Applications",
    year      = "1993",
    publisher = "Addison-Wesley",
    address   = "Reading, Massachusetts"
}
@book{analog,
    author    = "Tony Chan Carusone",
    title     = "Analog Integrated Circuit Design",
    year      = "19XX",
    publisher = "PublisherX"
}
 
@misc{hagenes,
    author    = "Ole Christian Schmidt Hagenes",
    title     = "INF1411 Formelsamling",
    url       = "https://github.com/ochagenes/INOR/blob/master/2_semester/INF1411/formelsamling.pdf",
    year      = "2015"
}
